2352 4218
399 195 642 270 ln'Octauo.
671 196 696 236 “·
803 193 808 204 ’

117 353 244 408 'conlecta
269 349 380 400 iunctim
408 364 436 398 ea
468 351 540 402 edita
565 351 660 404 Calon.
680 315 823 414 Allobroq.
845 353 952 406 Tomm.
968 354 1011 412 v,
1044 349 1056 390 1-

122 457 194 508 Voll.
212 453 248 544 li.
266 461 341 542 ipss.
358 463 416 512 sqq.
435 448 482 500 iol.

38 581 114 654 6333.
131 587 211 644 ppt.
225 561 262 645 b)
284 566 375 628 Vitae
395 567 572 625 Sanctorum
596 585 632 626 ex
655 559 857 630 seuerissimis
870 599 891 612 -
906 573 1012 635 ortho·
1088 577 1092 582 ’

125 655 209 712 doxis
242 647 380 708 Patribus
407 647 535 720 primurn
562 665 615 722 per
633 649 673 708 V.
696 649 728 707 P.
751 651 875 712 Zachar.
900 655 1013 732 Lippc-
1162 651 1163 664 ¹

123 737 175 796 loo
187 759 206 772 -
220 731 407 802 conscriptae
418 755 438 766 -
452 745 534 786 nunc
546 745 648 788 recens
661 735 824 790 recensitae
835 763 855 772 -
872 737 953 794 stud.
972 735 1010 797 V.

55 859 64 870 .
126 816 159 871 P.
180 811 315 872 Cornelii
343 809 454 868 Grasii.
492 811 582 868 Toni.
617 809 1014 888 ll.Cot.nsnpp.1616.

124 896 214 955 Tom.
237 891 293 952 111.
314 891 387 950 ibid.
408 889 476 949 eod.
512 889 835 956 Tom.lV.ibitl.snd·
857 896 1012 958 Voltul.
1164 911 1165 914 ’

192 1019 288 1080 Opus,
314 1027 346 1066 ut
362 1017 512 1080 unicuique
528 1016 618 1095 atatim
635 1017 664 1066 in
682 1019 775 1070 oculos
794 1021 920 1079 incurrit,
937 1036 1015 1076 man·
1052 992 1058 1000 ⁸

124 1131 197 1167 cum.
236 1115 347 1166 Constat
371 1117 478 1164 Torum.
508 1113 700 1188 IV.¹quorum
725 1097 830 1178 primus
860 1122 963 1171 nostris
985 1123 1060 1172 int
1111 1122 1114 1131 '

124 1217 233 1266 scriniis
252 1214 432 1268 desideratur.
467 1213 573 1264 citatur
591 1215 661 1262 inter
680 1214 761 1264 huius
779 1200 883 1278 generis
901 1221 1020 1284 scrippt:

123 1316 262 1380 plurimos
282 1323 307 1362 et
327 1313 403 1362 hicce
422 1285 514 1362 noster
531 1311 719 1366 ab.Walcbio
737 1315 766 1364 in
785 1317 855 1370 Bibl.
872 1317 1013 1372 theol-sel.
1103 1305 1110 1314 ’

122 1417 200 1469 Τοιιι.
222 1413 276 1462 lll.
294 1424 355 1474 pag.
369 1409 431 1474 657.

36 1534 112 1608 6335.
146 1531 334 1590 lireuiarium
367 1531 537 1588 Romanum
575 1549 611 1590 ex
645 1532 765 1592 decreto
798 1535 847 1593 SS.
869 1537 1014 1600 ·.Concilil

123 1613 264 1672 Trident·
286 1611 478 1676 restitutum.
502 1613 545 1670 Pii
568 1613 608 1671 V.
631 1613 662 1694 P:
684 1615 728 1674 M.
752 1615 834 1673 iussu
849 1619 961 1676 editum
983 1635 1015 1680 et

124 1693 290 1752 Clementis
311 1691 395 1750 Vlll.
421 1693 571 1765 primuln,
610 1709 691 1754 nunc
714 1695 827 1754 Vrbani
851 1695 905 1759 l‘P.
927 1699 1014 1762 vtll.

117 1774 304 1834 auctoritate
323 1773 523 1846 recognitum.
569 1773 717 1848 Antuerp.
745 1777 831 1846 1667.
996 1776 999 1782 '

187 1898 349 1959 Exemplum
364 1909 502 1959 praestans
520 1899 594 1962 typis
611 1899 783 1950 nitidissimis
795 1901 1015 1961 elegantissimis·

121 2011 175 2062 que
194 2000 375 2059 exscriptum,
393 2007 573 2059 ornatumque
591 1995 700 2058 liguris,
713 2009 788 2058 ‚quae
802 1990 916 2050 arribuit
926 2002 1016 2052 neuti·

122 2112 205 2162 quaen
231 2095 352 2156 uulgaris
376 2107 485 2144 manum
509 2095 641 2145 referunt.
681 2095 790 2148 Literae
813 2095 945 2154 initiales.
974 2097 1016 2148 in.

122 2197 287 2258 scriptiones
313 2195 435 2268 singulae
461 2207 515 2256 uon
533 2195 629 2255 nigro,
652 2204 686 2242 ut
710 2181 1031 2255 reliquae.redrub100
1057 2257 1059 2265 Ι

120 2289 233 2358 liquore
251 2305 400 2355 expressae.
433 2292 542 2342 Prolire
558 2294 622 2342 satis
648 2301 841 2344 enumerantur
865 2296 954 2345 omnir
971 2307 1040 2357 μμ

122 2397 199 2446 neeis
222 2393 359 2441 Breuiarie
383 2393 411 2440 in
429 2390 591 2452 Henninrsii
614 2390 684 2440 liibl.
704 2405 728 2442 s.
743 2389 840 2439 notitia
861 2389 930 2442 libb.
948 2407 1018 2445 rare.

124 2505 186 2557 pag.
196 2503 257 2557 399.
269 2503 367 2546 -stm
386 2503 417 2540 ut
434 2489 608 2540 obserubtnm
621 2491 719 2550 legitur
737 2490 766 2538 in
784 2487 843 2542 Cat.
862 2487 929 2540 libb.
947 2505 1017 2544 sarr.

125 2592 252 2642 uniuers.
281 2589 421 2652 supplem.
447 2589 528 2638 Tont.
554 2589 579 2641 1.
606 2601 667 2649 pag.
690 2599 748 2650 ιω.
789 2585 866 2636 Conl.
888 2589 918 2638 in
936 2593 1018 2652 prim.

125 2689 153 2743 b.
171 2691 215 2742 lo.
234 2689 269 2739 G.
285 2687 405 2738 Walcltli
424 2687 494 2739 bibl.
513 2685 596 2738 theol·
615 2687 663 2737 sel.
684 2687 762 2739 Tom.
782 2689 836 2742 lll.
853 2701 912 2753 pag.
927 2689 1019 2759 ⁶⁹7-

126 2801 170 2853 99.
188 2788 401 2852 sequentuin
420 2797 488 2840 nott.
507 2785 650 2868 substratis
669 2787 803 2838 laudatos.

34 2904 115 2979 633⁶.
128 2887 399 2980 martyrologium,
413 2898 623 2978 'complectens
639 2905 915 2968 memorabilissitna
935 2929 1020 2986 prae.

118 2989 289 3062 ‘cipporum
319 2987 489 3060 Martyrum
518 2985 679 3056 dictataet
698 2987 776 3046 faeta
796 3015 818 3028 -
835 3001 872 3048 ex
895 2993 1020 3070 integris
1045 3047 1053 3056 .

128 3086 165 3128 ac
187 3068 314 3144 prolixis
336 3068 509 3140 Martyrum
535 3067 596 3126 illia
622 3067 717 3136 actis,
740 3067 867 3142 primum
891 3075 1020 3149 Gallice,
1083 3126 1089 3141 ,

128 3150 240 3209 debinc
269 3149 446 3210 Germanice
465 3147 562 3208 editis
587 3175 608 3186 -
634 3147 664 3208 in
686 3147 753 3208 Lat.
775 3149 909 3223 linguam
938 3160 1022 3218 c'om·

129 3231 276 3306 pendiose
298 3229 488 3288 translatum.
529 3227 696 3304 Hanouiae.
723 3244 750 3286 s.
772 3245 843 3291 ann.

195 3351 359 3406 Absoluitur
379 3353 447 3405 libb.
462 3353 498 3406 X.
515 3351 598 3402 hocce
615 3351 855 3418 Martyrologlum
874 3359 955 3410 cuius
973 3374 1022 3412 ex·

134 3455 254 3516 emplum
278 3453 388 3502 omnino
413 3465 512 3514 purum
538 3452 693 3514 optimeque
718 3456 854 3514 reperitur
870 3453 1022 3514 seruatum.
1117 3461 1118 3469 ’

133 3553 175 3606 De
198 3553 282 3604 buius
302 3555 407 3614 generis
426 3550 630 3612 argumentique
650 3550 758 3612 scriptis
777 3555 830 3614 agit
849 3553 957 3618 copiose
972 3559 1023 3609 ad.
1036 3556 1054 3580 ·’

135 3653 245 3702 modum
271 3651 299 3706 b.
324 3623 467 3700 Walcbius
486 3651 514 3698 ln
533 3645 604 3698 sibl.
621 3648 705 3701 theol.
726 3650 775 3718 sel.
793 3652 872 3706 Tem.
888 3653 944 3706 lli.
961 3668 1023 3718 pag.
1047 3649 1052 3654 '
1074 3647 1081 3672 ¹

138 3759 193 3814 m.
210 3763 285 3814 seqq.
310 3751 458 3843 seqqlqui
478 3747 590 3800 omnino
614 3747 796 3832 consulendus
819 3751 914 3802 talium
937 3751 1025 3805 libro.

70 3849 206 3911 vetur.
710 3849 736 3908 X
