2348 4216
394 172 439 232 ln
476 129 642 235 Octauo.
675 197 680 202 ·
731 159 766 230 ’.
952 162 1014 246 inp

134 327 140 336 ·
188 313 350 378 Exemplum
368 312 598 408 elegantissimum
616 291 726 366 omnino
743 325 861 380 purum,
882 309 936 366 bec
956 311 1014 362 siue

131 414 228 476 figuris.

39 517 123 594 aspi.
148 517 189 575 De
218 515 383 578 illustrium
403 531 439 581 ac
466 516 664 574 obscurorum
693 515 879 590 Scriptorum
907 515 1017 573 errori·

132 600 183 658 bus
200 598 370 672 praecipuis
392 597 423 656 in
447 595 575 656 historia
596 596 762 656 Mahometi
787 611 923 670 eorumq.
945 611 1017 654 cau·

132 681 169 738 ais
195 671 377 739 dissertatio.
425 680 500 739 alut.
533 675 594 738 lac.
614 671 788 740 'Ehrhartn
841 676 1038 750 Memmius

116 773 166 831 ‘17
193 775 218 821 r.

36 873 123 955 ⁶89²·
142 775 310 934 L'3Alcoran
332 871 368 930 de
388 870 546 935 Mabomet
568 873 711 933 translate
729 829 860 932 d'ilrabe
876 886 912 928 en
927 870 1019 929 liran-

71 997 74 1000 -
133 954 193 1033 poia
222 969 275 1028 par
297 955 325 1012 le
347 954 391 1012 sr.
412 953 453 1014 du
474 954 591 1028 uper·
609 957 734 1014 suivant
762 953 927 1026 meopte,
963 951 1020 1010 im·

132 1036 276 1113 primiea
297 1035 380 1093 Paris
401 1047 492 1094 eron
515 1035 559 1093 les
581 1035 660 1107 vend
687 1050 703 1094 a
725 1037 846 1095 Annene
873 1021 974 1105 ¹7¹9!

193 1131 357 1208 Exemplum
374 1145 402 1195 b.
420 1145 572 1196 tralatiouir
590 1145 720 1207 originale
737 1145 840 1216 prodiit
852 1125 1023 1204 Periuria.
1079 1113 1083 1127 ⁸

130 1223 252 1302 quatern.
275 1245 339 1294 dein
361 1243 512 1296 Amiterno.
540 1240 604 1310 1649
627 1245 712 1296 duod.
736 1256 768 1296 ur
792 1243 967 1294 obseruatum
991 1241 1040 1290 in.

132 1345 188 1398 car.
206 1341 274 1393 libb.
299 1355 368 1392 rari.
393 1343 515 1396 uniuers.
539 1343 618 1392 Tora.
643 1345 667 1399 1.
695 1339 757 1408 pa'g.
776 1355 816 1395 rr.
832 1367 866 1382 -
892 1343 1021 1394 Nostrum

132 1453 260 1506 ectypum
283 1440 431 1520 admodum
456 1439 561 1504 elegans
580 1454 608 1493 et
630 1444 702 1495 inter
721 1458 784 1498 raro
801 1442 884 1494 abula
902 1440 1021 1492 releren-

132 1544 206 1597 dum.
240 1532 490 1591 Mereatur'locum
506 1542 536 1591 in
554 1542 612 1594 Cat.
629 1542 697 1596 libb.
714 1557 782 1594 tarr.
800 1545 923 1595 uniuers.

31 1649 122 1728 6893.
149 1647 248 1706 Aulae
274 1641 423 1706 Turcieae
451 1641 729 1719 Othornannicique
758 1643 878 1722 imperii
910 1618 1022 1722 desiri-

132 1728 197 1802 ptio
220 1753 239 1768 -
260 1728 389 1800 primurn
413 1723 450 1787 ab
468 1724 607 1783 Antonio
627 1723 779 1788 Geuilaeo
797 1727 905 1802 gallice
925 1727 1021 1786 edita:
1059 1777 1066 1784 .
1111 1733 1117 1742 '

131 1823 236 1868 recens
263 1819 372 1864 autem·
392 1805 422 1863 in
454 1804 520 1866 Lat.
548 1821 694 1865 conuersa
725 1824 777 1878 per
805 1807 899 1866 wilh.
921 1806 1023 1867 Gole-
1099 1807 1110 1814 ”

130 1891 280 1950 levarem.
321 1885 374 1944 His
401 1903 510 1945 arceas.
537 1885 613 1944 Belli
634 1887 750 1962 =Cyprii
768 1917 790 1930 -
820 1889 903 1949 Libri
920 1886 980 1948 ill.
1002 1913 1024 1928 ··

132 1971 250 2030 Bellum
281 1967 466 2028 Paionicum
489 1993 509 2008 -
529 1983 589 2025 una
622 1985 648 2026 c.
677 1969 809 2040 epitome
832 1996 852 2010 -
882 1969 1023 2040 Europae

131 2049 327 2112 historiarum
348 2075 369 2088 -
400 2047 495 2107 Auth.
524 2047 602 2108 Patr.
631 2049 738 2110 Bizaro
770 2049 859 2118 Baail.
906 2049 940 2109 ln
958 2048 1024 2118 liin,
1110 2101 1117 2118 ,

130 2133 224 2192 Basil.
246 2145 299 2206 per
320 2129 433 2190 Sebast.
455 2131 648 2204 Henricpetri
670 2146 739 2190 ann.
765 2147 853 2204 ¹573·
875 2147 915 2190 m.
938 2130 1025 2212 Febr.

198 2241 361 2303 Exemplum
380 2242 444 2293 libri
469 2255 525 2292 non
543 2242 689 2314 admodum
707 2240 857 2306 frequentis
874 2239 943 2290 bene
960 2239 1027 2290 satis
1101 2237 1118 2286 ff

127 2341 245 2408 quidem
268 2351 423 2399 seruatum,
449 2349 476 2392 at
493 2341 573 2390 cuius
586 2339 716 2391 foliorum
735 2343 853 2391 maxima
869 2353 930 2405 para
947 2330 1029 2391 nota-4

98 2465 110 2496 e
130 2437 255 2492 tionibus
272 2441 467 2502 marginalibus
486 2417 594 2491 r'eie'rta.

27 2549 119 2624 6394.
152 2543 341 2602 Corinentaril
380 2523 577 2622 Hieronymi*
599 2547 728 2610 Comitia
761 2508 1028 2608 Alexandrlnlde

129 2625 280 2684 acerrimo
300 2639 335 2686 ae
355 2627 491 2686 omniurn
508 2629 687 2695 difficillimo
704 2627 872 2688 Turcarum
891 2626 972 2691 bello
993 2627 1026 2684 in

130 2705 268 2764 Insulam
300 2705 436 2766 Melitam
465 2725 550 2780 petto
581 2711 663 2771 Ann.
681 2709 820 2778 ·1565.-
848 2708 957 2767 Norib.
975 2703 1070 2765 ex·'.

129 2787 292 2940 crsrggbant
313 2787 380 2848 Vir.
411 2791 572 2853 Neuberua
602 2805 633 2852 et
662 2790 817 2880 Theodor.
855 2790 1027 2850 Gerlatzem

131 2883 146 2926 r
218 2905 228 2926 .
300 2897 306 2910 ι
748 2917 751 2922 ,

27 2977 173 3060 6395.ι)
193 2982 240 3041 De
261 2981 468 3054 incremento,
497 2985 731 3044 conseruatione
752 2994 782 3042 et
801 2997 911 3044 occasu
930 2984 1029 3058 Impe·

129 3065 252 3122 riorum
272 3063 357 3126 Libri
379 3079 449 3125 tres.
490 3066 518 3124 Α
541 3065 660 3125 Ranato
679 3066 716 3123 de
737 3065 889 3138 Lusinpa,
912 3065 971 3125 Dn.
992 3065 1031 3125 de

131 3145 256 3205 Alimea
283 3143 386 3219 lingua
414 3145 543 3220 primum
573 3147 645 3220 pall.
674 3147 839 3220 conscripti
857 3173 878 3187 -
907 3147 937 3204 in
961 3145 1029 3206 ital.

132 3227 175 3284 ab
194 3225 277 3285 Hier.
300 3227 426 3288 Nasello
447 3231 586 3288 conuersi
609 3256 631 3269 -
660 3243 743 3287 nunc
769 3225 843 3300 uero
866 3227 1031 3289 Latinitate

133 3386 230 3460 1603.

202 3497 269 3550 Vid.
287 3499 406 3563 quaeda
429 3498 481 3550 hoc
505 3499 625 3554 Inlustri
646 3510 743 3553 autore
761 3509 846 3564 supra
869 3486 1054 3564 suiipsimua'

132 3597 172 3648 ad
190 3597 250 3652 Cat.
266 3599 354 3650 nostri
369 3612 445 3654 uum.
464 3595 538 3664 6883
558 3601 601 3656 lit.
616 3600 645 3651 b.

107 3697 147 3774 b)
177 3701 224 3762 De
253 3702 418 3764 Frisiorum
447 3705 629 3782 antiquitate·
655 3717 684 3765 et
705 3704 823 3780 origine
845 3705 916 3768 libri
938 3717 1031 3770 trra·

134 3795 221 3846 auct.
240 3783 372 3850 soffride
393 3783 493 3850 Petro.
533 3786 604 3850 Col.
624 3787 752 3865 Agripp.
775 3796 864 3868 1590.
948 3789 950 3796 “

130 3307 243 3366 donati
273 3306 372 3368 alac.
399 3309 541 3374 Gaudere
567 3308 604 3368 ab
634 3308 865 3383 lieroltaberga·
920 3307 1056 3369 Norib.·
