2384 4222
408 229 725 336 ln'Quarto..
859 262 862 268 '
991 273 1023 334 ,τι
1114 271 1145 302 ,-

145 401 279 478 falsaque
309 399 424 462 salicae
452 404 562 478 stirpis
584 419 651 464 cum
680 401 827 479 Guelplrla
848 409 1056 468 conuenien.

143 484 183 543 tia
205 507 239 524 —
259 479 401 543 auctaet
424 497 571 544 annotatt.
600 478 759 547 illustrata.
801 486 933 556 insertae
954 483 1039 548 Vin-¹

144 565 237 622 diciae
266 561 449 637 Diplomatis
479 566 666 626 fundationis
692 567 849 642 Bergensis
878 571 915 630 ad
936 571 1044 632 nluln.

140 643 301 705 Coenobii.
344 645 472 706 Helrnst.
497 661 584 719 ¹7¹7·
695 723 698 730 1

126 771 154 844 e)
176 773 270 832 Henr.
291 771 443 834 Ranaouli
465 774 628 848 catalogus
649 776 884 851 Imperatorum.
913 779 1030 853 Regum

141 871 175 914 ac
194 854 277 913 Virr.
299 854 481 926 illustrium,
519 859 570 932 qui
598 871 688 916 artem
721 859 929 932 astrologicam
951 876 1030 921 ama·

140 951 223 1004 runt.
246 949 411 1004 ornarunt,
432 951 642 997 exercuerunt.
680 935 876 999 Praeter'alia
897 941 1029 1002 adiectus

140 1029 282 1075 tractatus
312 1017 350 1076 de
378 1017 463 1074 annis
495 1018 701 1078 climactericis
729 1034 759 1078 et
780 1021 911 1094 periodis
932 1025 1029 1100 impc-

138 1099 249 1156 riosum
274 1109 332 1155 etc.
363 1097 472 1157 Omnia
494 1099 603 1158 iterum
621 1099 791 1176 aTheoph.
810 1103 918 1176 Syluio
940 1107 1030 1167 edita.
1136 1153 1140 1166 .

136 1179 216 1252 Lips.
244 1188 330 1250 1584.

204 1287 377 1340 Ranzouiani
395 1287 485 1350 operis
503 1287 586 1340 editio
605 1289 709 1350 elegans
724 1303 754 1339 ac
771 1303 891 1354 perrara,
909 1293 1030 1344 inscren-

140 1389 174 1440 da
191 1389 249 1437 cat.
270 1387 349 1436 libra.
368 1401 435 1436 tarr.
452 1389 575 1441 uniuers.
594 1389 624 1438 in
642 1403 696 1452 quo
712 1391 822 1445 omissa.

116 1507 299 1580 liliistoria
330 1505 432 1566 Caroli
464 1507 511 1566 M.
531 1525 567 1566 ert
592 1508 760 1583 praecipuis
780 1508 900 1584 Scriptt.
924 1527 1027 1570 totum

139 1604 307 1663 temporum
331 1588 521 1648 concinnata.
571 1587 864 1649 Stud.10h.ioaclt.
887 1591 1026 1650 Frantzii.

138 1673 210 1731 Ace.
243 1668 409 1744 Eginhardl
440 1669 629 1730 Carolus-
662 1681 693 1730 et
719 1669 815 1730 Praei.
842 1669 909 1732 ioh.
936 1675 1028 1734 ilenr.

135 1751 279 1812 Boecleri.
323 1750 562 1826 Argent.1644.·

50 1879 127 1942 5137.
136 1864 167 1937 a)
188 1865 405 1938 imperatorum
427 1863 674 1924 Germanicorum
693 1865 774 1924 Fam.
793 1863 904 1924 Sason.
923 1865 1027 1925 Histo-

139 1948 181 2005 ria
195 1949 369 2021 rlugustaea
384 1945 505 2004 lientici
529 1945 551 2003 1.
565 1947 711 2020 Aucupis.
733 1942 863 2006 Othonis
885 1946 908 2005 1.
922 1947 1026 2023 Magni
1133 2013 1136 2028 ι

140 2026 270 2088 Othonis
281 2025 321 2084 ii.
343 2025 473 2085 Othonis
491 2025 546 2085 lii.
565 2029 686 2086 Henticl
708 2027 747 2086 11.
768 2027 915 2086 Sancti·-
939 2031 1049 2087 eden-¹

140 2121 168 2168 te
190 2107 258 2168 Ioh.
282 2107 378 2166 Cuor.
403 2105 597 2167 Dieterichio.
633 2109 730 2168 Giess.
752 2109 876 2188 Hassor.
902 2105 990 2169 1666.

120 2233 155 2308 b)
176 2237 313 2298 Historia
345 2238 477 2312 Augusti
506 2249 536 2296 et
566 2237 684 2298 Tiberii
708 2207 813 2298 edente
843 2237 909 2298 ioh.
933 2238 1027 2300 Cunt.

136 2318 332 2380 Dieterichio.
374 2319 450 2378 ibid.

15 2482 16 2495 ,
51 2427 167 2510 mma)
189 2433 349 2495 Germania
377 2430 519 2502 Princeps
548 2432 802 2508 Postcatolingica
831 2435 888 2492 sub
912 2433 1027 2494 Conra-

139 2517 176 2574 do
198 2517 223 2576 l.
242 2511 434 2572 orientalium
468 2511 649 2572 Francorum
684 2529 776 2588 rege,
813 2531 900 2589 quam
929 2515 1026 2574 Praes.

142 2593 204 2656 loa.
239 2595 317 2654 Petr.
336 2589 494 2666 ‘Ludewig
527 2596 610 2668 pubi.
648 2593 845 2668 disputationi
875 2597 1026 2658 submittit

139 2693 242 2736 tumor
262 2677 326 2742 loa.
346 2675 421 2733 Dan.
447 2675 575 2735 Grubel.
615 2677 683 2736 Hal.
705 2677 846 2754 Magdeb.
869 2691 955 2750 ¹7¹0·

121 2803 154 2869 ul
173 2805 408 2866 Anniuersarius
423 2803 618 2866 duodecimus
633 2803 673 2863 D.
690 2773 846 2879 Leopoldo
864 2806 972 2880 imper.
985 2832 1026 2847 -

138 2887 324 3028 &auguralis
345 2887 454 2946 uotiuo
476 2901 536 2944 non
561 2887 682 2958 ignotae
702 2887 822 2962 pietatis
843 2888 928 2948 cultu
948 2889 1027 2947 cele-

120 3075 147 3159 c)
167 3079 351 3175 Exercitatio
379 3079 522 3140 historica
537 3079 681 3174 'secunda
712 3082 748 3140 de
778 3079 874 3178 tribus
894 3079 1044 3143 Coronis

141 3161 375 3320 illidit
400 3165 579 3302 iiiiii?
588 3163 827 3317 aliialii?
852 3177 941 3316 ῗὲἳξῗ
963 3167 1026 3224 ¹³⁰'

123 3353 155 3430 d)
175 3357 354 3416 Dissertatio
374 3355 444 3418 hist.
475 3358 511 3414 de
531 3357 612 3430 regia
634 3345 667 3428 ac
689 3357 831 3419 Caesarea
850 3333 1033 3423 chuonradi

143 3435 180 3496 li.
201 3438 350 3498 electione
373 3455 409 3498 ac
434 3441 638 3498 coronatione.
686 3439 812 3500 llelmst.
838 3455 924 3518 ¹7¹9·

123 3559 154 3640 e)
171 3567 352 3641 Rudolphus
382 3567 406 3629 1.
429 3569 503 3641 Imp.
531 3566 691 3642 augustiss.
721 3568 948 3632 Austriacotum
972 3575 1025 3634 do·

141 3664 202 3708 nus
214 3647 356 3708 conditor
368 3675 407 3688 -
420 3649 449 3706 in
463 3649 642 3722 compendio
658 3649 834 3724 descriptus.
857 3651 921 3710 len.
938 3655 1022 3728 1696.
1075 3711 1081 3724 ,

121 3769 150 3850 l')
169 3777 265 3836 Roma
290 3793 356 3836 cum
377 3777 487 3851 Regno
506 3775 609 3836 italiae
629 3775 702 3846 imp.
732 3779 843 3838 Caroio
869 3780 925 3839 v1.
955 3753 1023 3842 trin·

142 3855 235 3918 dicata
254 3875 271 3920 a
294 3859 359 3920 ioh.
379 3857 493 3934 Wolfg.
515 3859 637 3934 laegeto
659 3859 793 3940 Tubing.
820 3866 906 3934 ¹7¹⁸·
