2348 4216
428 203 472 264 dn
503 153 671 298 O'etauo.
714 211 721 230 ⁸
928 197 932 212 “
984 217 1040 281 ³91

151 361 206 404 arra
224 331 310 402 edirio'
321 343 442 422 'repetita
459 305 586 410 uuidere,
608 315 643 400 ¹ui
658 309 714 398 non
734 345 825 398 trinua
842 359 903 416 tara
918 344 1043 408 uidetur.

92 452 229 532 'digna
245 443 372 515 οιίιιιίιιο,
386 459 456 510 quae
473 456 500 498 et
516 447 544 500 ir.
564 447 691 508 Garaioso
710 446 856 496 inseratur.
890 459 900 468 ·
990 455 996 464 ·

126 565 162 646 e)
181 569 275 628 Breue
299 565 473 626 Chroniton
505 581 604 625 rerunt
633 565 861 640 praecipuarum
883 567 1041 640 superiore

151 665 220 712 ann.
244 655 319 717 1585
348 649 379 706 in
409 647 533 706 Arctois
553 646 731 708 Germaniae
755 647 891 720 partibua
912 660 941 706 et
962 649 1040 709 uici·

151 729 211 802 nija
234 729 279 792 G.
265 729 384 788 nribus
405 715 549 790 acierum.
590 726 755 804 Witeberg.
776 728 884 792 eacud.
897 726 1039 792 :zathan
1111 745 1117 762 ¹

149 810 394 880 Lehman1586.

123 937 155 1020 f)
179 941 320 1001 Carmina
340 936 452 1012 scripta
472 937 503 995 in
523 935 671 998 honorem
691 937 837 999 iuuenum
865 935 1037 1000 eruditione
1148 957 1151 966 ¹

72 1073 77 1082 ‚
149 1036 179 1082 et
202 1025 315 1081 uirtute
336 1021 571 1092 praestantium,
592 1012 703 1094 qriibua
713 1020 750 1077 ad
763 1035 803 1093 24
814 1015 944 1079 Ianuarii
961 1017 1041 1078 die‘nr
1081 1055 1085 1064 ι
1126 1041 1134 1058 ι

149 1119 284 1164 eunrnuua
311 1101 341 1158 in
371 1095 486 1158 artibud
505 1099 614 1175 gradus
648 1099 830 1164 decernitur.
871 1100 956 1176 Lipe.
976 1099 1045 1161 loer
1115 1169 1118 1176 ‚

148 1185 285 1244 Rharnba
306 1181 412 1241 excud.
437 1179 525 1251 1566.

125 1309 164 1392 g)
188 1312 330 1374 Carmina
349 1311 462 1384 acriora
483 1309 514 1368 in
536 1309 683 1372 honorem
704 1311 851 1372 iuuenum
874 1311 988 1372 uirtute
1002 1322 1041 1372 ¹et

149 1395 320 1456 eruditione
335 1393 569 1466 praestantium,
592 1393 704 1472 quibua
723 1391 873 1453 hodierno
892 1391 942 1454 die
958 1407 1042 1452 aurn-

147 1491 216 1536 mue
241 1475 273 1533 in
301 1475 411 1534 arriunr
441 1473 589 1554 facultate,
606 1473 716 1548 gradua
736 1474 917 1536 decernitur.
955 1473 1040 1549 Lipr.

149 1556 257 1618 eacud.
278 1553 346 1615 Ioh.
365 1553 504 1618 Rhamba
523 1559 553 1616 d.
575 1569 626 1627 es.
648 1553 781 1631 Ianuarii
803 1571 875 1618 ann.
892 1553 980 1627 1565.

127 1681 169 1761 ir)
191 1685 332 1747 Garnina
351 1682 382 1742 in
403 1668 550 1744 hon'orern
571 1685 716 1745 iuuenum
738 1685 909 1747 eruditione
929 1695 960 1744 et
980 1683 1044 1746 uir·

151 1780 218 1828 ture
238 1763 474 1840 praestantium,
493 1767 605 1842 quibua
624 1766 773 1826 hodierno
793 1767 840 1825 die
852 1764 961 1842 gradus
975 1763 1045 1842 Ma·

148 1849 267 1934 gittetii
287 1845 471 1908 decernitur.
513 1847 597 1924 Lipr.
616 1845 686 1909 loir.
706 1844 844 1908 Rhamba
863 1847 971 1910 eaeud.
991 1857 1044 1920 27.

73 1991 76 2002 .
146 1925 527 2002 Ianuarij.Ann.1564.

216 2039 324 2092 Haeret
346 2037 443 2090 ultima
467 2037 602 2090 conlectio
625 2037 744 2104 paucula
760 2037 867 2103 aliquot
885 2033 1046 2110 paginarum

146 2136 318 2200 martiniane
334 2136 417 2190 habet
437 2137 542 2190 cadamo
557 2137 672 2191 adiecta.

53 2255 141 2330 67⁶1.
161 2252 476 2330 Brandenburgiaeher
491 2255 600 2316 Ceder-
601 2255 713 2316 Heiu—
733 2253 829 2318 durch
840 2251 910 2318 loir·
928 2251 1043 2329 wolig.

151 2333 337 2396 Renteciren.
375 2337 497 2398 Bareut.
522 2335 609 2404 1682.
630 2353 658 2397 c.
679 2335 750 2412 flag.
1088 2329 1103 2340 “

52 2448 139 2526 6762.
150 2444 189 2526 a)
219 2447 466 2511 Pomeraneidutn
487 2449 554 2512 loir.
573 2451 750 2514 Seceeruitii
766 2449 851 2554 Lilrrl
875 2447 1045 2525 quinque·

151 2531 382 2606 Gryphiawald.
407 2537 496 2603 1502.

128 2653 169 2737 b)
128 2661 364 2722 bGrobianut
387 2673 418 2722 et
439 2660 604 2722 Grobiana.
648 2659 696 2721 De
714 2657 834 2720 motuni
855 2655 1049 2732 rimpiicitate
1072 2677 1081 2696 ·

153 2741 226 2802 libri
248 2754 327 2812 rtea,
360 2743 392 2800 in
422 2741 548 2818 gratiam
580 2741 717 2802 omniurn
743 2737 922 2801 turricitatir
944 2751 1047 2799 arnan·

138 2821 232 2882 rium
253 2821 420 2898 eoneuipti
441 2839 495 2898 per
516 2823 563 2882 M.
585 2822 698 2883 rridrr.
717 2817 936 2901 Dedeklndurn.
982 2817 1047 2888 lana

158 2903 261 2968 denuo
290 2903 327 2962 ab
356 2901 458 2965 auth.
471 2903 619 2965 emendati
643 2917 715 2982 et,-
741 2891 833 2965 ruod.
868 2900 975 2964 Fratre.
996 2914 1044 2976 tp.

151 2983 272 3046 haered.
294 2983 366 3044 Chr.
389 2985 483 3060 Egen.
505 2991 593 3059 1584.

133 3105 172 3188 c)
190 3113 342 3189 Gregor
362 3113 558 3174 Beremani-
565 3109 837 3190 Paralipomenon
868 3108 939 3172 libri
972 3108 1047 3170 duo.

157 3192 297 3270 Quorurn
326 3195 440 3268 primur
469 3206 514 3254 eat
541 3207 686 3256 uotorum
707 3193 908 3266 nuptialium,
940 3206 1050 3252 aecun·
1167 3201 1169 3208 ’

104 3274 500 3428 ἓιιζθτΜίιεοέΙΙιιιεοιιιιι
519 3271 692 3338 Zemeetae.
738 3273 855 3339 Exeud.
877 3273 1047 3336 donatient·

180 3371 196 3414 a
272 3373 284 3416 ι
331 3370 348 3428 5

133 3480 170 3558 d)
187 3483 283 3546 Mich.
309 3485 447 3546 Hariobii
471 3485 552 3547 Beri.
579 3485 625 3546 M.
651 3481 857 3544 carminum
848 3499 878 3544 rn
903 3478 1047 3544 neodem.
1157 3519 1160 3526 -

157 3565 352 3628 francoford.
373 3569 409 3626 ad
429 3569 575 3628 Nobilior.
594 3565 823 3628 Biaucireieidor
844 3576 873 3626 et
893 3557 1064 3624 Menenia-¹

158 3663 216 3710 noa
239 3651 422 3723 scriptorum
450 3649 528 3712 iiber
560 3665 650 3712 unua.
700 3645 840 3710 Francos.
871 3645 908 3704 ad
940 3643 1047 3712 Viadrr

159 3729 240 3792 Anti.
264 3737 342 3805 1577
366 3729 476 3794 editur.
805 3757 809 3766 ·
